4013 4863
2819 402 2842 419 r
2941 310 2996 386 ⁷
3021 322 3023 325 ι

502 466 717 552 mum
761 471 1010 574 priore
1036 471 1378 556 crassius,
1418 470 1556 548 sed
1594 475 1980 573 gryjseum,
2035 471 2263 549 oculis
2293 482 2448 553 sese
2484 478 2759 580 prodit.
2863 481 2994 558 Rei

506 590 915 698 tractandae
951 604 1335 693 historiam
1359 615 1759 721 naturalem
1791 638 1845 690 s.
1883 615 2290 695 botanicam
2319 620 2442 695 hic
2470 610 2990 720 adducendam,

501 789 657 842 non
713 784 1007 841 necesse
1041 758 1401 859 arbitror,
1452 760 1622 859 quia
1655 759 1899 859 plures
1929 759 2179 837 illam
2160 787 2300 839 1am
2330 781 2729 844 tractarunt
2761 768 2994 864 latius,

503 911 633 988 sed
678 854 1151 985 solummodo
1171 904 1265 983 'ad
1298 903 1844 985 obseruationes
1879 905 2228 1007 quasdam
2261 933 2302 988 a
2331 931 2454 987 me
2487 906 2854 992 institutas*
2878 937 2998 993 me

372 1112 381 1117 -
426 1096 435 1101 ·
507 1067 883 1141 converto.

1616 1308 1723 1439 ς.
1777 1324 1848 1398 4.
2033 1407 2043 1414 ,

1553 1462 1779 1557 Obs.
1892 1468 1959 1543 Ι.

526 1654 541 1688 τ
712 1631 901 1704 Tres
930 1643 1097 1705 ante
1127 1650 1382 1719 annos,
1436 1630 1723 1737 optimo
1757 1657 1922 1710 cum
1943 1610 2151 1736 patre
2186 1639 2662 1751 proficiscens,
2684 1640 2998 1725 adsoro-

444 1732 451 1735 .
513 1793 671 1849 rem
700 1772 1215 1860 dulcissimam,
1260 1770 1559 1863 imbere,
1609 1774 1687 1848 in
1725 1776 1883 1862 ,viae
1918 1780 2233 1855 dimidio
2269 1783 2626 1861 fuerimus
2659 1786 2997 1884 correpti,

516 1916 801 2015 quippe
829 1915 957 2011 qui
988 1913 1228 1999 nobiS,
1280 1914 1542 1991 itinere
1577 1932 1650 1990 et
1683 1924 2136 2019 tempestatis
2167 1942 2364 2003 metu
2400 1927 2791 2028 valdopere
2827 1928 3000 2021 cale·

506 2057 761 2169 factis,
835 2079 1209 2132 summum
1255 2055 1596 2133 intulerat
1644 2062 2128 2166 refrigerium.
2233 2071 2368 2145 Die
2421 2075 2755 2170 sequenti
2798 2093 3002 2181 pater

513 2198 720 2274 febre·
752 2197 1166 2282 catarrhali,
1221 2199 1503 2288 capitis
1525 2201 1925 2284 doloribus
1940 2212 2321 2289 coniuncta
2350 2202 3004 2319 vehementissimis

502 2334 889 2423 laborans,
947 2334 1157 2413 lecto
1171 2322 1426 2410 affixus
1464 2355 1649 2423 erat,
1668 2339 1948 2413 animo
1997 2342 2417 2444 viribusque
2456 2350 2554 2425 ita
2600 2356 2997 2451 prostratis,

516 2463 603 2559 vt
632 2476 865 2556 ferme
886 2459 990 2553 *ne
1022 2474 1412 2592 verbulum
1452 2477 1686 2554 'vllum
1718 2480 2055 2596 proferre
2088 2488 2347 2585 potuit.
2425 2565 2434 2574 ,

676 2741 685 2746 -
721 2769 1019 2872 Pulsum
1047 2782 1349 2864 tentans,
1402 2769 2003 2850 intermittentem
2034 2763 2248 2854 illum
2274 2785 2486 2859 sentii
2521 2810 2602 2884 ac
2633 2787 3003 2878 interdum

522 2911 1061 3013 caprizantem3
1141 2891 1655 3008 indicationem
1704 2918 1937 3018 igitur
1984 2921 2278 3000 vitalem
2323 2925 2444 3001 hic
2493 2936 3001 3018 attendendam

524 3080 689 3135 esse
720 3072 915 3131 ratus
956 3079 1153 3151 sum,
1203 3082 1356 3157 quo
1389 3060 1689 3159 quidem
1726 3081 2053 3163 respectu
2087 3064 2454 3147 frictiones
2486 3074 2799 3184 institui,
2852 3082 3004 3176 qui·

454 3249 465 3260 κ
523 3203 661 3281 bus
684 3217 846 3302 ‚tam
881 3197 1009 3280 diu
1045 3197 1504 3290 continuaui,
1556 3206 1794 3292 donec
1824 3209 2092 3285 virium
2135 3211 2451 3291 defectui
2503 3220 2809 3320 ipsemet
2851 3247 3004 3300 suc-

526 3344 762 3421 cubui.
870 3346 1046 3442 Quo
1086 3363 1366 3450 patrem
1398 3332 1832 3427 debiliorem
1869 3355 2115 3431 inueni
2158 3383 2375 3458 quam
2404 3382 2643 3452 antea3
2696 3377 3004 3447 attamen

529 3487 722 3562 haud
755 3489 1026 3564 mutaui
1058 3490 1608 3616 indicationem,
1658 3495 1786 3574 sed
1833 3502 2343 3583 tantummodo
2387 3503 2816 3600 indicatum,
2887 3536 3002 3595 ex-

531 3629 1164 3724 hibuininiiru'm:

2873 3803 3000 3911 13c.
